@book{tindale1932revision,
  author={Tindale, Norman Barnett and Walker, Oncopera},
  title={Revision of the Australian Ghost Moths (Lepidoptera Homoneura, Family Hepialidae)},
  year={1932},
  publisher={Hassell Press}
}
@article{van2017lifetime,
	title={Lifetime reproductive output: individual stochasticity, variance, and sensitivity analysis},
	author={van Daalen, Silke F and Caswell, Hal},
	journal={Theoretical Ecology},
	volume={10},
	number={3},
	pages={355--374},
	year={2017},
	publisher={Springer}
}
@article{balsamo1988life,
  title={Life history traits of two chaetonotids (Gastrotricha) under different experimental conditions},
  author={Balsamo, Maria and Todaro, Mary Antonio D},
  journal={International journal of invertebrate reproduction and development},
  volume={14},
  number={2-3},
  pages={161--176},
  year={1988},
  publisher={Taylor \& Francis}
}
@article{lara19933620,
  title={A 3620-year temperature record from Fitzroya cupressoides tree rings in southern South America},
  author={Lara, Antonio and Villalba, Ricardo},
  journal={Science},
  volume={260},
  number={5111},
  pages={1104--1106},
  year={1993},
  publisher={American Association for the Advancement of Science}
}
@article{stearns2000life,
	title={Life history evolution: successes, limitations, and prospects},
	author={Stearns, Stephen C},
	journal={Naturwissenschaften},
	volume={87},
	number={11},
	pages={476--486},
	year={2000},
	publisher={Springer}
}
@article{kaplan2000theory,
  title={A theory of human life history evolution: Diet, intelligence, and longevity},
  author={Kaplan, Hillard and Hill, Kim and Lancaster, Jane and Hurtado, A Magdalena},
  journal={Evolutionary Anthropology: Issues, News, and Reviews: Issues, News, and Reviews},
  volume={9},
  number={4},
  pages={156--185},
  year={2000},
  publisher={Wiley Online Library}
}
@article{de2017maximum,
  title={Maximum human lifespan may increase to 125 years},
  author={de Beer, Joop and Bardoutsos, Anastasios and Janssen, Fanny},
  journal={Nature},
  volume={546},
  number={7660},
  pages={E16--E17},
  year={2017},
  publisher={Nature Publishing Group}
}
@article{migliano2007life,
  title={Life history trade-offs explain the evolution of human pygmies},
  author={Migliano, Andrea Bamberg and Vinicius, Lucio and Lahr, Marta Miraz{\'o}n},
  journal={Proceedings of the National Academy of Sciences},
  volume={104},
  number={51},
  pages={20216--20219},
  year={2007},
  publisher={National Acad Sciences}
}
@article{kaplan2003embodied,
  title={Embodied capital and the evolutionary economics of the human life span},
  author={Kaplan, Hillard and Lancaster, Jane and Robson, Arthur},
  journal={Population and Development Review},
  volume={29},
  pages={152--182},
  year={2003},
  publisher={JSTOR}
}
@article{mulder1998demographic,
  title={The demographic transition: are we any closer to an evolutionary explanation?},
  author={Borgerhoff Mulder, Monique},
  journal={Trends in ecology \& evolution},
  volume={13},
  number={7},
  pages={266--270},
  year={1998},
  publisher={Elsevier}
}
@article{sear2016understanding,
  title={Understanding variation in human fertility: what can we learn from evolutionary demography?},
  author={Sear, Rebecca and Lawson, David W and Kaplan, Hillard and Shenk, Mary K},
  journal={Philosophical transactions of the Royal Society B: Biological Sciences},
  year={2016},
  publisher={The Royal Society}
}
@article{mace2000evolutionary,
  title={Evolutionary ecology of human life history},
  author={Mace, Ruth},
  journal={Animal behaviour},
  volume={59},
  number={1},
  pages={1--10},
  year={2000},
  publisher={Elsevier}
}
@article{borgerhoff2012human,
  title={Human behavioural ecology},
  author={Borgerhoff Mulder, Monique and Schacht, Ryan},
  journal={e LS},
  year={2012},
  publisher={Wiley Online Library}
}
@article{hill1999life,
  title={Life history traits in humans: Theory and empirical studies},
  author={Hill, Kim and Kaplan, Hillard},
  journal={Annual review of anthropology},
  volume={28},
  number={1},
  pages={397--430},
  year={1999},
  publisher={Annual Reviews 4139 El Camino Way, PO Box 10139, Palo Alto, CA 94303-0139, USA}
}
@article{lawson2016offspring,
  title={The offspring quantity--quality trade-off and human fertility variation},
  author={Lawson, David W and Borgerhoff Mulder, Monique},
  journal={Philosophical Transactions of the Royal Society B: Biological Sciences},
  volume={371},
  number={1692},
  pages={20150145},
  year={2016},
  publisher={The Royal Society}
}
@article{cant2008reproductive,
  title={Reproductive conflict and the separation of reproductive generations in humans},
  author={Cant, Michael A and Johnstone, Rufus A},
  journal={Proceedings of the National Academy of Sciences},
  volume={105},
  number={14},
  pages={5332--5336},
  year={2008},
  publisher={National Acad Sciences}
}
@article{kramer2005children,
  title={Children's help and the pace of reproduction: cooperative breeding in humans},
  author={Kramer, Karen L},
  journal={Evolutionary Anthropology: Issues, News, and Reviews: Issues, News, and Reviews},
  volume={14},
  number={6},
  pages={224--237},
  year={2005},
  publisher={Wiley Online Library}
}
@article{mace2012female,
  title={Female reproductive competition within families in rural Gambia},
  author={Mace, Ruth and Alvergne, Alexandra},
  journal={Proceedings of the Royal Society B: Biological Sciences},
  volume={279},
  number={1736},
  pages={2219--2227},
  year={2012},
  publisher={The Royal Society}
}
@article{lahdenpera2012severe,
  title={Severe intergenerational reproductive conflict and the evolution of menopause},
  author={Lahdenper{\"a}, Mirkka and Gillespie, Duncan OS and Lummaa, Virpi and Russell, Andrew F},
  journal={Ecology letters},
  volume={15},
  number={11},
  pages={1283--1290},
  year={2012},
  publisher={Wiley Online Library}
}
@article{pettay2016costly,
  title={Costly reproductive competition between co-resident females in humans},
  author={Pettay, Jenni E and Lahdenper{\"a}, Mirkka and Rotkirch, Anna and Lummaa, Virpi},
  journal={Behavioral Ecology},
  pages={arw088},
  year={2016},
  publisher={Oxford University Press UK}
}
@article{lawson2009trade,
  title={Trade-offs in modern parenting: a longitudinal study of sibling competition for parental care},
  author={Lawson, David W and Mace, Ruth},
  journal={Evolution and Human Behavior},
  volume={30},
  number={3},
  pages={170--183},
  year={2009},
  publisher={Elsevier}
}
@article{gibson2011land,
  title={Land inheritance establishes sibling competition for marriage and reproduction in rural Ethiopia},
  author={Gibson, Mhairi A and Gurmu, Eshetu},
  journal={Proceedings of the National Academy of Sciences},
  volume={108},
  number={6},
  pages={2200--2204},
  year={2011},
  publisher={National Acad Sciences}
}
@article{hrdy2007evolutionary,
  title={Evolutionary context of human development: The cooperative breeding model},
  author={Hrdy, Sarah Blaffer},
  journal={Family relationships: An evolutionary perspective},
  pages={39--68},
  year={2007},
  publisher={Oxford University Press New York, NY}
}
@article{strassmann1998ecological,
  title={Ecological constraints on marriage in rural Ireland},
  author={Strassmann, Beverly I and Clarke, Alice L},
  journal={Evolution and Human Behavior},
  volume={19},
  number={1},
  pages={33--55},
  year={1998},
  publisher={Elsevier}
}
@article{kramer2018infant,
  title={Infant allocare in traditional societies},
  author={Kramer, Karen L and Veile, Amanda},
  journal={Physiology \& behavior},
  volume={193},
  pages={117--126},
  year={2018},
  publisher={Elsevier}
}
@article{mulder2007hamilton,
  title={Hamilton's rule and kin competition: the Kipsigis case},
  author={Borgerhoff Mulder, Monique},
  journal={Evolution and Human Behavior},
  volume={28},
  number={5},
  pages={299--312},
  year={2007},
  publisher={Elsevier}
}
@article{strassmann2011cooperation,
  title={Cooperation and competition in a cliff-dwelling people},
  author={Strassmann, Beverly I},
  journal={Proceedings of the National Academy of Sciences},
  volume={108},
  number={Supplement 2},
  pages={10894--10901},
  year={2011},
  publisher={National Acad Sciences}
}
@article{brown2002reconsidering,
  title={Reconsidering the null hypothesis: is maternal rank associated with birth sex ratios in primate groups?},
  author={Brown, Gillian R and Silk, Joan B},
  journal={Proceedings of the National Academy of Sciences},
  volume={99},
  number={17},
  pages={11252--11255},
  year={2002},
  publisher={National Acad Sciences}
}
@article{sear2011much,
  title={How much does family matter? Cooperative breeding and the demographic transition},
  author={Sear, Rebecca and Coall, David},
  journal={Population and development review},
  volume={37},
  pages={81--112},
  year={2011},
  publisher={Wiley Online Library}
}
@article{kramer2010pooled,
  title={Pooled energy budgets: Resituating human energy-allocation trade-offs},
  author={Kramer, Karen L and Ellison, Peter T},
  journal={Evolutionary Anthropology: Issues, News, and Reviews},
  volume={19},
  number={4},
  pages={136--147},
  year={2010},
  publisher={Wiley Online Library}
}
@article{hawkes2013grandmothers,
  title={Grandmothers and the evolution of human longevity: a review of findings and future directions},
  author={Hawkes, Kristen and Coxworth, James E},
  journal={Evolutionary Anthropology: Issues, News, and Reviews},
  volume={22},
  number={6},
  pages={294--302},
  year={2013},
  publisher={Wiley Online Library}
}
@article{clutton2016meerkats,
  title={Meerkats: cooperative breeding in the Kalahari},
  author={Clutton-Brock, Tim H and Manser, Marta},
  journal={Cooperative breeding in vertebrates},
  volume={294},
  pages={317},
  year={2016},
  publisher={Cambridge University Press Cambridge, UK}
}
@article{koenig2019does,
  title={Does Helping-at-the-Nest Help? The Case of the Acorn Woodpecker},
  author={Koenig, Walter D and Walters, Eric L and Barve, Sahas},
  journal={Frontiers in Ecology and Evolution},
  volume={7},
  pages={272},
  year={2019},
  publisher={Frontiers}
}
@article{jones1986survivorship,
  title={Survivorship in philopatric and dispersing kangaroo rats (Dipodomys spectabilis)},
  author={Jones, W Thomas},
  journal={Ecology},
  volume={67},
  number={1},
  pages={202--207},
  year={1986},
  publisher={Wiley Online Library}
}
@article{lee2003rethinking,
  title={Rethinking the evolutionary theory of aging: transfers, not births, shape senescence in social species},
  author={Lee, Ronald D},
  journal={Proceedings of the National Academy of Sciences},
  volume={100},
  number={16},
  pages={9637--9642},
  year={2003},
  publisher={National Acad Sciences}
}
@article{lee2008sociality,
  title={Sociality, selection, and survival: simulated evolution of mortality with intergenerational transfers and food sharing},
  author={Lee, Ronald},
  journal={Proceedings of the National Academy of Sciences},
  volume={105},
  number={20},
  pages={7124--7128},
  year={2008},
  publisher={National Acad Sciences}
}
@article{chu2006co,
  title={The co-evolution of intergenerational transfers and longevity: An optimal life history approach},
  author={Chu, CY Cyrus and Lee, Ronald D},
  journal={Theoretical population biology},
  volume={69},
  number={2},
  pages={193--201},
  year={2006},
  publisher={Elsevier}
}
@article{jones2015resource,
  title={Resource transfers and human life-history evolution},
  author={Jones, James Holland},
  journal={Annual Review of Anthropology},
  volume={44},
  pages={513--531},
  year={2015},
  publisher={Annual Reviews}
}
@article{mulder2009intergenerational,
  title={Intergenerational wealth transmission and the dynamics of inequality in small-scale societies},
  author={Borgerhoff Mulder, Monique and Bowles, Samuel and Hertz, Tom and Bell, Adrian and Beise, Jan and Clark, Greg and Fazzio, Ila and Gurven, Michael and Hill, Kim and Hooper, Paul L and others},
  journal={science},
  volume={326},
  number={5953},
  pages={682--688},
  year={2009},
  publisher={American Association for the Advancement of Science}
}
@article{rogers1990evolutionary,
  title={Evolutionary economics of human reproduction},
  author={Rogers, Alan R},
  journal={Ethology and Sociobiology},
  volume={11},
  number={6},
  pages={479--495},
  year={1990},
  publisher={Elsevier}
}
@article{boone1999more,
  title={More status or more children? Social status, fertility reduction, and long-term fitness},
  author={Boone, James L and Kessler, Karen L},
  journal={Evolution and Human Behavior},
  volume={20},
  number={4},
  pages={257--277},
  year={1999},
  publisher={Elsevier}
}
@article{goodman2012low,
  title={Low fertility increases descendant socioeconomic position but reduces long-term fitness in a modern post-industrial society},
  author={Goodman, Anna and Koupil, Ilona and Lawson, David W},
  journal={Proceedings of the Royal Society B: Biological Sciences},
  volume={279},
  number={1746},
  pages={4342--4351},
  year={2012},
  publisher={The Royal Society}
}
@article{shenk2013model,
  title={A model comparison approach shows stronger support for economic models of fertility decline},
  author={Shenk, Mary K and Towner, Mary C and Kress, Howard C and Alam, Nurul},
  journal={Proceedings of the National Academy of Sciences},
  volume={110},
  number={20},
  pages={8045--8050},
  year={2013},
  publisher={National Acad Sciences}
}
@article{kaplan1996theory,
  title={A theory of fertility and parental investment in traditional and modern human societies},
  author={Kaplan, Hillard},
  journal={American Journal of Physical Anthropology: The Official Publication of the American Association of Physical Anthropologists},
  volume={101},
  number={S23},
  pages={91--135},
  year={1996},
  publisher={Wiley Online Library}
}
@article{snopkowski2014synthetic,
  title={A synthetic biosocial model of fertility transition: testing the relative contribution of embodied capital theory, changing cultural norms, and women's labor force participation},
  author={Snopkowski, Kristin and Kaplan, Hillard},
  journal={American Journal of Physical Anthropology},
  volume={154},
  number={3},
  pages={322--333},
  year={2014},
  publisher={Wiley Online Library}
}
@article{snopkowski2016pathways,
  title={Pathways from education to fertility decline: a multi-site comparative study},
  author={Snopkowski, Kristin and Towner, Mary C and Shenk, Mary K and Colleran, Heidi},
  journal={Philosophical Transactions of the Royal Society B: Biological Sciences},
  volume={371},
  number={1692},
  pages={20150156},
  year={2016},
  publisher={The Royal Society}
}
@article{shenk2016status,
  title={Status competition, inequality, and fertility: implications for the demographic transition},
  author={Shenk, Mary K and Kaplan, Hillard S and Hooper, Paul L},
  journal={Philosophical Transactions of the Royal Society B: Biological Sciences},
  volume={371},
  number={1692},
  pages={20150150},
  year={2016},
  publisher={The Royal Society}
}
@article{chaudhary2016competition,
  title={Competition for Cooperation: variability, benefits and heritability of relational wealth in hunter-gatherers},
  author={Chaudhary, Nikhil and Salali, Gul Deniz and Thompson, James and Rey, Aude and Gerbault, Pascale and Stevenson, Edward Geoffrey Jedediah and Dyble, Mark and Page, Abigail E and Smith, Daniel and Mace, Ruth and others},
  journal={Scientific reports},
  volume={6},
  pages={29120},
  year={2016},
  publisher={Nature Publishing Group}
}
@article{page2017hunter,
  title={Hunter-gatherer social networks and reproductive success},
  author={Page, Abigail E and Chaudhary, Nikhil and Viguier, Sylvain and Dyble, Mark and Thompson, James and Smith, Daniel and Salali, Gul D and Mace, Ruth and Migliano, Andrea Bamberg},
  journal={Scientific reports},
  volume={7},
  number={1},
  pages={1153},
  year={2017},
  publisher={Nature Publishing Group}
}
@article{mulder2011understanding,
  title={Understanding the nature of wealth and its effects on human fitness},
  author={Borgerhoff Mulder, Monique and Beheim, Bret A},
  journal={Philosophical Transactions of the Royal Society B: Biological Sciences},
  volume={366},
  number={1563},
  pages={344--356},
  year={2011},
  publisher={The Royal Society}
}
@article{houston1988dynamic,
  title={Dynamic models in behavioural and evolutionary ecology},
  author={Houston, Alasdair and Clark, Colin and McNamara, John and Mangel, Marc},
  journal={Nature},
  volume={332},
  number={6159},
  pages={29--34},
  year={1988},
  publisher={Springer}
}
@book{clark2000dynamic,
  title={Dynamic state variable models in ecology: methods and applications},
  author={Clark, Colin W and Mangel, Marc and others},
  year={2000},
  publisher={Oxford University Press on Demand}
}
@article{anderies1996adaptive,
  title={An adaptive model for predicting! Kung reproductive performance: a stochastic dynamic programming approach},
  author={Anderies, John M},
  journal={Ethology and Sociobiology},
  volume={17},
  number={4},
  pages={221--245},
  year={1996},
  publisher={Elsevier}
}
@article{luttbeg2000marry,
  title={To marry again or not: a dynamic model for demographic transition},
  author={Luttbeg, Barney and Borgerhoff Mulder, Monique and Mangel, Marc},
  journal={Adaptation and human behavior: an anthropological perspective},
  pages={345--368},
  year={2000},
  publisher={Aldine de Gruyter Hawthorne, NY}
}
@article{nitsch2013elder,
  title={Are elder siblings helpers or competitors? Antagonistic fitness effects of sibling interactions in humans},
  author={Nitsch, A{\"\i}da and Faurie, Charlotte and Lummaa, Virpi},
  journal={Proceedings of the Royal Society B: Biological Sciences},
  volume={280},
  number={1750},
  pages={20122313},
  year={2013},
  publisher={The Royal Society}
}
@article{ivey2000cooperative,
  title={Cooperative reproduction in Ituri forest hunter-gatherers: Who cares for Efe infants?},
  author={Ivey, Paula K},
  journal={Current Anthropology},
  volume={41},
  number={5},
  pages={856--866},
  year={2000},
  publisher={The University of Chicago Press}
}
@article{mace1996have,
  title={When to have another baby: a dynamic model of reproductive decision-making and evidence from Gabbra pastoralists},
  author={Mace, Ruth},
  journal={Ethology and Sociobiology},
  volume={17},
  number={4},
  pages={263--273},
  year={1996},
  publisher={Elsevier}
}
@article{thomas2015dynamic,
  title={A dynamic framework for the study of optimal birth intervals reveals the importance of sibling competition and mortality risks},
  author={Thomas, MG and Shanley, DP and Houston, AI and McNamara, JM and Mace, R and Kirkwood, TBL},
  journal={Journal of evolutionary biology},
  volume={28},
  number={4},
  pages={885--895},
  year={2015},
  publisher={Wiley Online Library}
}
