@article{gurven2007longevity,
  title={Longevity among hunter-gatherers: a cross-cultural examination},
  author={Gurven, Michael and Kaplan, Hillard},
  journal={Population and Development review},
  volume={33},
  number={2},
  pages={321--365},
  year={2007},
  publisher={Wiley Online Library}
}
@article{gurven2004give,
  title={To give and to give not: The behavioral ecology of human food transfers},
  author={Gurven, Michael},
  journal={Behavioral and Brain Sciences},
  volume={27},
  number={4},
  pages={543},
  year={2004},
  publisher={Cambridge University Press}
}
@article{koster2020life,
  title={The life history of human foraging: Cross-cultural and individual variation},
  author={Koster, Jeremy and McElreath, Richard and Hill, Kim and Yu, Douglas and Shepard, Glenn and Van Vliet, Nathalie and Gurven, Michael and Trumble, Benjamin and Bird, Rebecca Bliege and Bird, Douglas and others},
  journal={Science advances},
  volume={6},
  number={26},
  pages={eaax9070},
  year={2020},
  publisher={American Association for the Advancement of Science}
}
@article{kaplan2000theory,
  title={A theory of human life history evolution: Diet, intelligence, and longevity},
  author={Kaplan, Hillard and Hill, Kim and Lancaster, Jane and Hurtado, A Magdalena},
  journal={Evolutionary Anthropology: Issues, News, and Reviews: Issues, News, and Reviews},
  volume={9},
  number={4},
  pages={156--185},
  year={2000},
  publisher={Wiley Online Library}
}
@article{bowles2011cultivation,
  title={Cultivation of cereals by the first farmers was not more productive than foraging},
  author={Bowles, Samuel},
  journal={Proceedings of the National Academy of Sciences},
  volume={108},
  number={12},
  pages={4760--4765},
  year={2011},
  publisher={National Acad Sciences}
}
@book{wood2017dynamics,
  title={Dynamics of human reproduction: biology, biometry, demography},
  author={Wood, James W},
  year={2017},
  publisher={Routledge}
}
@book{ellison2017reproductive,
  title={Reproductive ecology and human evolution},
  author={Ellison, Peter T},
  year={2017},
  publisher={Routledge}
}
@article{grimm2006standard,
  title={A standard protocol for describing individual-based and agent-based models},
  author={Grimm, Volker and Berger, Uta and Bastiansen, Finn and Eliassen, Sigrunn and Ginot, Vincent and Giske, Jarl and Goss-Custard, John and Grand, Tamara and Heinz, Simone K and Huse, Geir and others},
  journal={Ecological modelling},
  volume={198},
  number={1-2},
  pages={115--126},
  year={2006},
  publisher={Elsevier}
}
@article{grimm2020odd,
  title={The ODD protocol for describing agent-based and other simulation models: A second update to improve clarity, replication, and structural realism},
  author={Grimm, Volker and Railsback, Steven F and Vincenot, Christian E and Berger, Uta and Gallagher, Cara and DeAngelis, Donald L and Edmonds, Bruce and Ge, Jiaqi and Giske, Jarl and Groeneveld, Juergen and others},
  journal={Journal of Artificial Societies and Social Simulation},
  volume={23},
  number={2},
  year={2020}
}
@article{laisk2019demographic,
  title={Demographic and evolutionary trends in ovarian function and aging},
  author={Laisk, Triin and T{\v{s}}uiko, Olga and Jatsenko, Tatjana and H{\~o}rak, Peeter and Otala, Marjut and Lahdenper{\"a}, Mirkka and Lummaa, Virpi and Tuuri, Timo and Salumets, Andres and Tapanainen, Juha S},
  journal={Human reproduction update},
  volume={25},
  number={1},
  pages={34--50},
  year={2019},
  publisher={Oxford University Press}
}
@book{tindale1932revision,
  author={Tindale, Norman Barnett and Walker, Oncopera},
  title={Revision of the Australian Ghost Moths (Lepidoptera Homoneura, Family Hepialidae)},
  year={1932},
  publisher={Hassell Press}
}
@article{van2017lifetime,
	title={Lifetime reproductive output: individual stochasticity, variance, and sensitivity analysis},
	author={van Daalen, Silke F and Caswell, Hal},
	journal={Theoretical Ecology},
	volume={10},
	number={3},
	pages={355--374},
	year={2017},
	publisher={Springer}
}
@article{balsamo1988life,
  title={Life history traits of two chaetonotids (Gastrotricha) under different experimental conditions},
  author={Balsamo, Maria and Todaro, Mary Antonio D},
  journal={International journal of invertebrate reproduction and development},
  volume={14},
  number={2-3},
  pages={161--176},
  year={1988},
  publisher={Taylor \& Francis}
}
@article{lara19933620,
  title={A 3620-year temperature record from Fitzroya cupressoides tree rings in southern South America},
  author={Lara, Antonio and Villalba, Ricardo},
  journal={Science},
  volume={260},
  number={5111},
  pages={1104--1106},
  year={1993},
  publisher={American Association for the Advancement of Science}
}
@article{stearns2000life,
	title={Life history evolution: successes, limitations, and prospects},
	author={Stearns, Stephen C},
	journal={Naturwissenschaften},
	volume={87},
	number={11},
	pages={476--486},
	year={2000},
	publisher={Springer}
}
@article{de2017maximum,
  title={Maximum human lifespan may increase to 125 years},
  author={de Beer, Joop and Bardoutsos, Anastasios and Janssen, Fanny},
  journal={Nature},
  volume={546},
  number={7660},
  pages={E16--E17},
  year={2017},
  publisher={Nature Publishing Group}
}
@article{migliano2007life,
  title={Life history trade-offs explain the evolution of human pygmies},
  author={Migliano, Andrea Bamberg and Vinicius, Lucio and Lahr, Marta Miraz{\'o}n},
  journal={Proceedings of the National Academy of Sciences},
  volume={104},
  number={51},
  pages={20216--20219},
  year={2007},
  publisher={National Acad Sciences}
}
@article{kaplan2003embodied,
  title={Embodied capital and the evolutionary economics of the human life span},
  author={Kaplan, Hillard and Lancaster, Jane and Robson, Arthur},
  journal={Population and Development Review},
  volume={29},
  pages={152--182},
  year={2003},
  publisher={JSTOR}
}
@article{mulder1998demographic,
  title={The demographic transition: are we any closer to an evolutionary explanation?},
  author={Borgerhoff Mulder, Monique},
  journal={Trends in ecology \& evolution},
  volume={13},
  number={7},
  pages={266--270},
  year={1998},
  publisher={Elsevier}
}
@article{sear2016understanding,
  title={Understanding variation in human fertility: what can we learn from evolutionary demography?},
  author={Sear, Rebecca and Lawson, David W and Kaplan, Hillard and Shenk, Mary K},
  journal={Philosophical transactions of the Royal Society B: Biological Sciences},
  year={2016},
  publisher={The Royal Society}
}
@article{sear2011much,
  title={How much does family matter? Cooperative breeding and the demographic transition},
  author={Sear, Rebecca and Coall, David},
  journal={Population and development review},
  volume={37},
  pages={81--112},
  year={2011},
  publisher={Wiley Online Library}
}
@article{ivey2000cooperative,
  title={Cooperative reproduction in Ituri forest hunter-gatherers: Who cares for Efe infants?},
  author={Ivey, Paula K},
  journal={Current Anthropology},
  volume={41},
  number={5},
  pages={856--866},
  year={2000},
  publisher={The University of Chicago Press}
}
@article{nitsch2013elder,
  title={Are elder siblings helpers or competitors? Antagonistic fitness effects of sibling interactions in humans},
  author={Nitsch, A{\"\i}da and Faurie, Charlotte and Lummaa, Virpi},
  journal={Proceedings of the Royal Society B: Biological Sciences},
  volume={280},
  number={1750},
  pages={20122313},
  year={2013},
  publisher={The Royal Society}
}
@article{mace2012female,
  title={Female reproductive competition within families in rural Gambia},
  author={Mace, Ruth and Alvergne, Alexandra},
  journal={Proceedings of the Royal Society B: Biological Sciences},
  volume={279},
  number={1736},
  pages={2219--2227},
  year={2012},
  publisher={The Royal Society}
}
@article{kramer2010pooled,
  title={Pooled energy budgets: Resituating human energy-allocation trade-offs},
  author={Kramer, Karen L and Ellison, Peter T},
  journal={Evolutionary Anthropology: Issues, News, and Reviews},
  volume={19},
  number={4},
  pages={136--147},
  year={2010},
  publisher={Wiley Online Library}
}
@article{lee2003rethinking,
  title={Rethinking the evolutionary theory of aging: transfers, not births, shape senescence in social species},
  author={Lee, Ronald D},
  journal={Proceedings of the National Academy of Sciences},
  volume={100},
  number={16},
  pages={9637--9642},
  year={2003},
  publisher={National Acad Sciences}
}
@article{chu2006co,
  title={The co-evolution of intergenerational transfers and longevity: An optimal life history approach},
  author={Chu, CY Cyrus and Lee, Ronald D},
  journal={Theoretical population biology},
  volume={69},
  number={2},
  pages={193--201},
  year={2006},
  publisher={Elsevier}
}
@article{hooper2015inclusive,
  title={Inclusive fitness and differential productivity across the life course determine intergenerational transfers in a small-scale human society},
  author={Hooper, Paul L and Gurven, Michael and Winking, Jeffrey and Kaplan, Hillard S},
  journal={Proceedings of the Royal Society B: Biological Sciences},
  volume={282},
  number={1803},
  pages={20142808},
  year={2015},
  publisher={The Royal Society}
}
@article{jones2015resource,
  title={Resource transfers and human life-history evolution},
  author={Jones, James Holland},
  journal={Annual Review of Anthropology},
  volume={44},
  pages={513--531},
  year={2015},
  publisher={Annual Reviews}
}
@article{mulder1989menarche,
  title={Menarche, menopause and reproduction in the Kipsigis of Kenya},
  author={Borgerhoff Mulder, Monique},
  journal={Journal of biosocial science},
  volume={21},
  number={2},
  pages={179--192},
  year={1989},
  publisher={Cambridge University Press}
}
@article{kramer2010teen,
  title={Teen motherhood in cross-cultural perspective},
  author={Kramer, Karen L and Lancaster, Jane B},
  journal={Annals of human biology},
  volume={37},
  number={5},
  pages={613--628},
  year={2010},
  publisher={Taylor \& Francis}
}
@article{pontzer2021daily,
  title={Daily energy expenditure through the human life course},
  author={Pontzer, Herman and Yamada, Yosuke and Sagayama, Hiroyuki and Ainslie, Philip N and Andersen, Lene F and Anderson, Liam J and Arab, Lenore and Baddou, Issaad and Bedu-Addo, Kweku and Blaak, Ellen E and others},
  journal={Science},
  volume={373},
  number={6556},
  pages={808--812},
  year={2021},
  publisher={American Association for the Advancement of Science}
}
@article{nettle2015adaptive,
  title={Adaptive developmental plasticity: what is it, how can we recognize it and when can it evolve?},
  author={Nettle, Daniel and Bateson, Melissa},
  journal={Proceedings of the Royal Society B: Biological Sciences},
  volume={282},
  number={1812},
  pages={20151005},
  year={2015},
  publisher={The Royal Society}
}
@article{hruschka2016does,
  title={How does variance in fertility change over the demographic transition?},
  author={Hruschka, Daniel J and Burger, Oskar},
  journal={Philosophical Transactions of the Royal Society B: Biological Sciences},
  volume={371},
  number={1692},
  pages={20150155},
  year={2016},
  publisher={The Royal Society}
}
@article{kaplan1996theory,
  title={A theory of fertility and parental investment in traditional and modern human societies},
  author={Kaplan, Hillard},
  journal={American Journal of Physical Anthropology: The Official Publication of the American Association of Physical Anthropologists},
  volume={101},
  number={S23},
  pages={91--135},
  year={1996},
  publisher={Wiley Online Library}
}
@article{price2020fitness,
  title={Fitness-maximizers employ pessimistic probability weighting for decisions under risk},
  author={Price, Michael Holton and Jones, James Holland},
  journal={Evolutionary Human Sciences},
  volume={2},
  year={2020},
  publisher={Cambridge University Press}
}
@book{wilensky2015introduction,
  title={An introduction to agent-based modeling: modeling natural, social, and engineered complex systems with NetLogo},
  author={Wilensky, Uri and Rand, William},
  year={2015},
  publisher={Mit Press}
}
@article{judson1994rise,
  title={The rise of the individual-based model in ecology},
  author={Judson, Olivia P},
  journal={Trends in ecology \& evolution},
  volume={9},
  number={1},
  pages={9--14},
  year={1994},
  publisher={Elsevier}
}
@article{stearns1989evolutionary,
  title={The evolutionary significance of phenotypic plasticity},
  author={Stearns, Stephen C},
  journal={Bioscience},
  volume={39},
  number={7},
  pages={436--445},
  year={1989},
  publisher={JSTOR}
}
@article{bateson2004developmental,
  title={Developmental plasticity and human health},
  author={Bateson, Patrick and Barker, David and Clutton-Brock, Timothy and Deb, Debal and D'Udine, Bruno and Foley, Robert A and Gluckman, Peter and Godfrey, Keith and Kirkwood, Tom and Lahr, Marta Miraz{\'o}n and others},
  journal={Nature},
  volume={430},
  number={6998},
  pages={419--421},
  year={2004},
  publisher={Nature Publishing Group}
}
@article{van1986acquisition,
  title={Acquisition and allocation of resources: their influence on variation in life history tactics},
  author={Van Noordwijk, Arie J and de Jong, Gerdien},
  journal={The American Naturalist},
  volume={128},
  number={1},
  pages={137--142},
  year={1986},
  publisher={University of Chicago Press}
}
@article{laskowski2021integrating,
  title={Integrating behavior in life-history theory: allocation versus acquisition?},
  author={Laskowski, Kate L and Moiron, Maria and Niemel{\"a}, Petri T},
  journal={Trends in Ecology \& Evolution},
  volume={36},
  number={2},
  pages={132--138},
  year={2021},
  publisher={Elsevier}
}
@article{haave2022differences,
  title={Differences in resource acquisition, not allocation, mediate the relationship between behaviour and fitness: a systematic review and meta-analysis},
  author={Haave-Audet, El{\`e}ne and Besson, Anne A and Nakagawa, Shinichi and Mathot, Kimberley J},
  journal={Biological Reviews},
  volume={97},
  number={2},
  pages={708--731},
  year={2022},
  publisher={Wiley Online Library}
}
@article{davison2021human,
  title={Human uniqueness? Life history diversity among small-scale societies and chimpanzees},
  author={Davison, Raziel J and Gurven, Michael D},
  journal={PloS one},
  volume={16},
  number={2},
  pages={e0239170},
  year={2021},
  publisher={Public Library of Science San Francisco, CA USA}
}