@article{hooper2015inclusive,
  title={Inclusive fitness and differential productivity across the life course determine intergenerational transfers in a small-scale human society},
  author={Hooper, Paul L and Gurven, Michael and Winking, Jeffrey and Kaplan, Hillard S},
  journal={Proceedings of the Royal Society B: Biological Sciences},
  volume={282},
  number={1803},
  pages={20142808},
  year={2015},
  publisher={The Royal Society}
}
@article{jones2009force,
  title={The force of selection on the human life cycle},
  author={Jones, James Holland},
  journal={Evolution and Human Behavior},
  volume={30},
  number={5},
  pages={305--314},
  year={2009},
  publisher={Elsevier}
}
@article{jones2015measuring,
  title={Measuring selective constraint on fertility in human life histories},
  author={Jones, James Holland and Tuljapurkar, Shripad},
  journal={Proceedings of the National Academy of Sciences},
  volume={112},
  number={29},
  pages={8982--8986},
  year={2015},
  publisher={National Acad Sciences}
}
@article{price2020fitness,
  title={Fitness-maximizers employ pessimistic probability weighting for decisions under risk},
  author={Price, Michael Holton and Jones, James Holland},
  journal={Evolutionary Human Sciences},
  volume={2},
  year={2020},
  publisher={Cambridge University Press}
}
@article{jones2014marginal,
  title={The marginal valuation of fertility},
  author={Jones, James Holland and Bird, Rebecca Bliege},
  journal={Evolution and Human Behavior},
  volume={35},
  number={1},
  pages={65--71},
  year={2014},
  publisher={Elsevier}
}
@article{jones2011primates,
  title={Primates and the evolution of long, slow life histories},
  author={Jones, James Holland},
  journal={Current Biology},
  volume={21},
  number={18},
  pages={R708--R717},
  year={2011},
  publisher={Elsevier}
}
@article{lee2002children,
  title={Children's economic roles in the Maya family life cycle: Cain, Caldwell, and Chayanov revisited},
  author={Lee, Ronald D and Kramer, Karen L},
  journal={Population and development review},
  volume={28},
  number={3},
  pages={475--499},
  year={2002},
  publisher={Wiley Online Library}
}
@article{lee2003rethinking,
  title={Rethinking the evolutionary theory of aging: transfers, not births, shape senescence in social species},
  author={Lee, Ronald D},
  journal={Proceedings of the National Academy of Sciences},
  volume={100},
  number={16},
  pages={9637--9642},
  year={2003},
  publisher={National Acad Sciences}
}
@article{chu2006co,
  title={The co-evolution of intergenerational transfers and longevity: An optimal life history approach},
  author={Chu, CY Cyrus and Lee, Ronald D},
  journal={Theoretical population biology},
  volume={69},
  number={2},
  pages={193--201},
  year={2006},
  publisher={Elsevier}
}
@article{lee2008sociality,
  title={Sociality, selection, and survival: simulated evolution of mortality with intergenerational transfers and food sharing},
  author={Lee, Ronald},
  journal={Proceedings of the National Academy of Sciences},
  volume={105},
  number={20},
  pages={7124--7128},
  year={2008},
  publisher={National Acad Sciences}
}
@article{kolliker2010antagonistic,
  title={Antagonistic parent-offspring co-adaptation},
  author={K{\"o}lliker, Mathias and Ridenhour, Benjamin J and Gaba, Sabrina},
  journal={PLoS One},
  volume={5},
  number={1},
  pages={e8606},
  year={2010},
  publisher={Public Library of Science}
}
@article{jones2020parental,
  title={Parental benefits and offspring costs reflect parent--offspring conflict over the age of fledging among songbirds},
  author={Jones, Todd M and Brawn, Jeffrey D and Ausprey, Ian J and Vitz, Andrew C and Rodewald, Amanda D and Raybuck, Douglas W and Boves, Than J and Fiss, Cameron J and McNeil, Darin J and Stoleson, Scott H and others},
  journal={Proceedings of the National Academy of Sciences},
  volume={117},
  number={48},
  pages={30539--30546},
  year={2020},
  publisher={National Acad Sciences}
}
@article{thomas2015dynamic,
  title={A dynamic framework for the study of optimal birth intervals reveals the importance of sibling competition and mortality risks},
  author={Thomas, MG and Shanley, DP and Houston, AI and McNamara, JM and Mace, R and Kirkwood, TBL},
  journal={Journal of evolutionary biology},
  volume={28},
  number={4},
  pages={885--895},
  year={2015},
  publisher={Wiley Online Library}
}
@article{luttbeg2000marry,
  title={To marry again or not: a dynamic model for demographic transition},
  author={Luttbeg, Barney and Mulder, Monique Borgerhoff and Mangel, Marc},
  journal={Adaptation and human behavior: an anthropological perspective},
  pages={345--368},
  year={2000},
  publisher={Aldine de Gruyter Hawthorne, NY}
}
@article{mace1996have,
  title={When to have another baby: a dynamic model of reproductive decision-making and evidence from Gabbra pastoralists},
  author={Mace, Ruth},
  journal={Ethology and Sociobiology},
  volume={17},
  number={4},
  pages={263--273},
  year={1996},
  publisher={Elsevier}
}
@article{kaplan1996theory,
  title={A theory of fertility and parental investment in traditional and modern human societies},
  author={Kaplan, Hillard},
  journal={American Journal of Physical Anthropology: The Official Publication of the American Association of Physical Anthropologists},
  volume={101},
  number={S23},
  pages={91--135},
  year={1996},
  publisher={Wiley Online Library}
}
@article{snopkowski2014synthetic,
  title={A synthetic biosocial model of fertility transition: testing the relative contribution of embodied capital theory, changing cultural norms, and women's labor force participation},
  author={Snopkowski, Kristin and Kaplan, Hillard},
  journal={American Journal of Physical Anthropology},
  volume={154},
  number={3},
  pages={322--333},
  year={2014},
  publisher={Wiley Online Library}
}
@article{koster2019kinship,
  title={Kinship ties across the lifespan in human communities},
  author={Koster, Jeremy and Lukas, Dieter and Nolin, David and Power, Eleanor and Alvergne, Alexandra and Mace, Ruth and Ross, Cody T and Kramer, Karen and Greaves, Russell and Caudell, Mark and others},
  journal={Philosophical Transactions of the Royal Society B},
  volume={374},
  number={1780},
  pages={20180069},
  year={2019},
  publisher={The Royal Society}
}
@article{koster2020life,
  title={The life history of human foraging: Cross-cultural and individual variation},
  author={Koster, Jeremy and McElreath, Richard and Hill, Kim and Yu, Douglas and Shepard, Glenn and Van Vliet, Nathalie and Gurven, Michael and Trumble, Benjamin and Bird, Rebecca Bliege and Bird, Douglas and others},
  journal={Science advances},
  volume={6},
  number={26},
  pages={eaax9070},
  year={2020},
  publisher={American Association for the Advancement of Science}
}
@article{galipaud2020adaptation,
  title={Adaptation and plasticity in life-history theory: How to derive predictions.},
  author={Galipaud, Matthias and Kokko, Hanna},
  journal={Evolution and Human Behavior},
  volume={41},
  number={6},
  pages={493--501},
  year={2020},
  publisher={Elsevier}
}
@article{bolund2020challenge,
  title={The challenge of measuring trade-offs in human life history research},
  author={Bolund, Elisabeth},
  journal={Evolution and Human Behavior},
  volume={41},
  number={6},
  pages={502--512},
  year={2020},
  publisher={Elsevier}
}
@article{sear2020human,
  title={Do human ‘life history strategies’ exist?},
  author={Sear, Rebecca},
  journal={Evolution and Human Behavior},
  volume={41},
  number={6},
  pages={513--526},
  year={2020},
  publisher={Elsevier}
}
@article{del2020rethinking,
  title={Rethinking the fast-slow continuum of individual differences},
  author={Del Giudice, Marco},
  journal={Evolution and Human Behavior},
  year={2020},
  publisher={Elsevier}
}
@article{salguero2021fast,
  title={The fast-slow continuum is not the end-game of life history evolution, human or otherwise},
  author={Salguero-G{\'o}mez, Roberto},
  journal={bioRxiv},
  year={2021},
  publisher={Cold Spring Harbor Laboratory}
}
