@article{gurven2007longevity,
  title={Longevity among hunter-gatherers: a cross-cultural examination},
  author={Gurven, Michael and Kaplan, Hillard},
  journal={Population and Development review},
  volume={33},
  number={2},
  pages={321--365},
  year={2007},
  publisher={Wiley Online Library}
}
@article{gurven2004give,
  title={To give and to give not: The behavioral ecology of human food transfers},
  author={Gurven, Michael},
  journal={Behavioral and Brain Sciences},
  volume={27},
  number={4},
  pages={543},
  year={2004},
  publisher={Cambridge University Press}
}
@article{koster2020life,
  title={The life history of human foraging: Cross-cultural and individual variation},
  author={Koster, Jeremy and McElreath, Richard and Hill, Kim and Yu, Douglas and Shepard, Glenn and Van Vliet, Nathalie and Gurven, Michael and Trumble, Benjamin and Bird, Rebecca Bliege and Bird, Douglas and others},
  journal={Science advances},
  volume={6},
  number={26},
  pages={eaax9070},
  year={2020},
  publisher={American Association for the Advancement of Science}
}
@article{kaplan2000theory,
  title={A theory of human life history evolution: Diet, intelligence, and longevity},
  author={Kaplan, Hillard and Hill, Kim and Lancaster, Jane and Hurtado, A Magdalena},
  journal={Evolutionary Anthropology: Issues, News, and Reviews: Issues, News, and Reviews},
  volume={9},
  number={4},
  pages={156--185},
  year={2000},
  publisher={Wiley Online Library}
}
@article{bowles2011cultivation,
  title={Cultivation of cereals by the first farmers was not more productive than foraging},
  author={Bowles, Samuel},
  journal={Proceedings of the National Academy of Sciences},
  volume={108},
  number={12},
  pages={4760--4765},
  year={2011},
  publisher={National Acad Sciences}
}
@book{wood2017dynamics,
  title={Dynamics of human reproduction: biology, biometry, demography},
  author={Wood, James W},
  year={2017},
  publisher={Routledge}
}
@book{ellison2017reproductive,
  title={Reproductive ecology and human evolution},
  author={Ellison, Peter T},
  year={2017},
  publisher={Routledge}
}
@article{grimm2006standard,
  title={A standard protocol for describing individual-based and agent-based models},
  author={Grimm, Volker and Berger, Uta and Bastiansen, Finn and Eliassen, Sigrunn and Ginot, Vincent and Giske, Jarl and Goss-Custard, John and Grand, Tamara and Heinz, Simone K and Huse, Geir and others},
  journal={Ecological modelling},
  volume={198},
  number={1-2},
  pages={115--126},
  year={2006},
  publisher={Elsevier}
}
@article{grimm2020odd,
  title={The ODD protocol for describing agent-based and other simulation models: A second update to improve clarity, replication, and structural realism},
  author={Grimm, Volker and Railsback, Steven F and Vincenot, Christian E and Berger, Uta and Gallagher, Cara and DeAngelis, Donald L and Edmonds, Bruce and Ge, Jiaqi and Giske, Jarl and Groeneveld, Juergen and others},
  journal={Journal of Artificial Societies and Social Simulation},
  volume={23},
  number={2},
  year={2020}
}